<?xml version="1.0" encoding="UTF-8"?>
<collection xmlns:xsi="http://www.w3.org/2001/XMLSchema-instance" xsi:schemaLocation="http://www.loc.gov/MARC21/slim http://www.loc.gov/standards/marcxml/schema/MARC21slim.xsd" xmlns="http://www.loc.gov/MARC21/slim">
<record>
  <leader>01150cam a22002771i 4500</leader>
  <controlfield tag="001">2750473</controlfield>
  <controlfield tag="003">NNC</controlfield>
  <controlfield tag="005">20160623143759.0</controlfield>
  <controlfield tag="008">940302s1948    ua            000 0 ara d</controlfield>
  <datafield tag="035" ind1=" " ind2=" ">
    <subfield code="a">(OCoLC)122984614</subfield>
  </datafield>
  <datafield tag="035" ind1=" " ind2=" ">
    <subfield code="a">(OCoLC)ocn122984614</subfield>
  </datafield>
  <datafield tag="035" ind1=" " ind2=" ">
    <subfield code="9">ARL5634CU</subfield>
  </datafield>
  <datafield tag="035" ind1=" " ind2=" ">
    <subfield code="a">(NNC)2750473</subfield>
  </datafield>
  <datafield tag="040" ind1=" " ind2=" ">
    <subfield code="c">UPvMLC</subfield>
  </datafield>
  <datafield tag="043" ind1=" " ind2=" ">
    <subfield code="a">ma-----</subfield>
  </datafield>
  <datafield tag="050" ind1="0" ind2=" ">
    <subfield code="a">DS63</subfield>
    <subfield code="b">.G43 1948</subfield>
  </datafield>
  <datafield tag="066" ind1=" " ind2=" ">
    <subfield code="c">(3</subfield>
  </datafield>
  <datafield tag="100" ind1="1" ind2=" ">
    <subfield code="a">Ghālī, Kamāl.</subfield>
  </datafield>
  <datafield tag="245" ind1="1" ind2="0">
    <subfield code="6">880-01</subfield>
    <subfield code="a">Mīthāq Jamiʻat al-Duwal al-ʻArabīyah :</subfield>
    <subfield code="b">dirāsah taḥlīlīyah muqārinah fī al-qānūn al-dawlī /</subfield>
    <subfield code="c">taʾlīf Kamāl al-Ghālī.</subfield>
  </datafield>
  <datafield tag="260" ind1=" " ind2=" ">
    <subfield code="6">880-02</subfield>
    <subfield code="a">[al-Qāhirah] :</subfield>
    <subfield code="b">Maṭbaʻat Nahḍat Miṣr,</subfield>
    <subfield code="c">1948.</subfield>
  </datafield>
  <datafield tag="300" ind1=" " ind2=" ">
    <subfield code="a">270, [2] p. ;</subfield>
    <subfield code="c">24 cm.</subfield>
  </datafield>
  <datafield tag="610" ind1="2" ind2="4">
    <subfield code="a">League of Arab States</subfield>
    <subfield code="x">Charter.</subfield>
  </datafield>
  <datafield tag="880" ind1="1" ind2="0">
    <subfield code="6">245-01/(3/r</subfield>
    <subfield code="a">ميثاق جامعة الدول العربية :</subfield>
    <subfield code="b">دراسة تحليلية مقارنة في القانون الدولي /</subfield>
    <subfield code="c">تأليف دكتور كمال الغالي.</subfield>
  </datafield>
  <datafield tag="880" ind1=" " ind2=" ">
    <subfield code="6">260-02/(3/r</subfield>
    <subfield code="a">[القاهرة] :</subfield>
    <subfield code="b">النشر دار الفكر العربي، مطبعة نهضة مصر بالمنجالة،</subfield>
    <subfield code="c">1948.</subfield>
  </datafield>
  <datafield tag="955" ind1=" " ind2=" ">
    <subfield code="b">CU58103473</subfield>
    <subfield code="d">off,leh</subfield>
    <subfield code="e">DS36.2 .G43</subfield>
  </datafield>
</record>
</collection>